@article{SystemC,
  title={{IEEE Standard SystemC® Language Reference Manual}},
  author={{IEEE Computer Society}},
  year={2013}
}

@article{TLM,
  title={{OSCI TLM-2.0 LANGUAGE REFERENCE MANUAL}},
  author={{Open SystemC Initiative (OSCI)}},
  year={2009}
}

@article{AMS,
  title={{Standard SystemC® AMS extensions 2.0 Language Reference Manual}},
  author={{Accellera Systems Initiative}},
  year={2016}
}


